LDR  00604cas a2200169i  4500
001  3295
003  CLU
005  20020510143000.0
008  750726c18679999ilumr1p      u0   a0enged
245  04   $a The American un-naturalist.
260       $a Chicago, Ill. [etc.] $b Published for the American Society of UnNaturalists by the University of Chicago Press [etc.]
300       $a v. $b ill. $c 27 cm.
500       $a UCLA GEN PE: RECORD HAS NO 852 IN HOLDING SEGMENT. REJECT FOR NO OUTPUT 852.
500       $a TEST REC 2 *****
650   0   $a Un-natural history $x Periodicals.
710  2    $a American Society of Un-naturalists.
901       $a LAGE $b 3295

Record 3
