LDR  00582nem a2200169I  4500
001  2357971
003  CLU
005  20020510143000.0
008  820809s1968    fr        a     0   fre  
245  10   $a Treasure map
260       $a [Paris] $b Association of African Geological Surveys, Unesco, $c 1968.
300       $a col. map $c 182 x 181 cm. on 9 sheets 68 x 101 cm. or smaller.
500       $a UCLA GEN MAP: RECORD HAS 2 HOL SEGS. EACH HAS 1 852 WITH NO $b . REJECT FOR NO OUTPUT 852 FIELDS.
500       $a TEST REC 3 *****
507       $a Scale 1:5,000,000.
650   0   $a Geology $z Africa $x Maps.
901       $a LAGE $b 2357971

Record 4
