LDR  00765ncm a2200277Ia 4500
001  4616593
005  20011208120715.0
008  010601s2001    wiumua         n    eng d
020       $a 063403023X
110  2    $a Beatles.
240  10   $a Songs. $k Selections
245  10   $a 1 : $b piano, vocal, guitar / $c The Beatles.
246  3    $a One
260       $a Milwaukee, WI : $b H. Leonard Corp., $c [2001?].
300       $a 1 score (109 p.) ; $c 31 cm.
500       $a UCLA GEN MUSIC: BIB SEGMENT LACKS 003 FIELD: REJECT
500       $a TEST REC 4 *****
650   0   $a Rock music $y 1961-1970.
009  00273nx. a22001331i.4500
001  6196955
003  CLU
004  4616593
005  20020215163127.0
007  t
008  0112080u    0   0   uueng 011208
852  0    $a CLU $b mu $h M1741.18.B36 $i S6 2001

Record 5
