LDR  00718nim a2200229i  4500
001  463252
003  CLU-BLOTZ
005  19950807153920.0
007  sd|bsmenn|||ue      
008  800709s1961    pau  n         l    eng d
245  00   $a Actual speeches of Franklin D. Roosevelt and John F. Kennedy. $h Sound recording $c Franklin D. Roosevelt, John F. Kennedy.
262       $a Media, PA, $b Miller International, $c P-16100. $d 1961?
305       $a 1 disc. $b 33-1/3 rpm. stereo. $c 12 in.
500       $a UCLA:  003 IN BIB SEGMENT IS INVALID: REJECT
500       $a TEST REC 5 *****
009  00257nx  a22001331i 4500
001  24523
003  CLU
004  463252
007  sd-bsmenn---ue
008  9808210u    8   4   aueng 980821
852       $a CLU $b sr

Record 6
